<record><leader>00000cas a22000007a 4500</leader><controlfield tag="001">11197874</controlfield><controlfield tag="008">840926d186u1927iaucr ne      0    0eng d</controlfield><datafield ind1=" " ind2=" " tag="010"><subfield code="a">sn 84038191 </subfield></datafield><datafield ind1=" " ind2=" " tag="040"><subfield code="a">NPX</subfield><subfield code="b">eng</subfield><subfield code="c">NPX</subfield><subfield code="d">INP</subfield><subfield code="d">OCLCQ</subfield></datafield><datafield ind1=" " ind2=" " tag="042"><subfield code="a">msc</subfield></datafield><datafield ind1="0" ind2="0" tag="245"><subfield code="a">Glenwood opinion.</subfield></datafield><datafield ind1="3" ind2="0" tag="246"><subfield code="a">Weekly Glenwood opinion</subfield></datafield><datafield ind1="1" ind2="3" tag="246"><subfield code="a">Opinion</subfield></datafield><datafield ind1=" " ind2=" " tag="260"><subfield code="a">Glenwood, Iowa :</subfield><subfield code="b">Ballard &amp; Huffman,</subfield><subfield code="c">-1927.</subfield></datafield><datafield ind1=" " ind2=" " tag="300"><subfield code="a">v. :</subfield><subfield code="b">ill.</subfield></datafield><datafield ind1=" " ind2=" " tag="310"><subfield code="a">Semiweekly,</subfield><subfield code="b">July 26, 1909-1927</subfield></datafield><datafield ind1=" " ind2=" " tag="321"><subfield code="a">Weekly,</subfield><subfield code="b">&lt;Apr. 22, 1865&gt;-July 22, 1909</subfield></datafield><datafield ind1="0" ind2=" " tag="362"><subfield code="a">-v. 66, no. 48 (Mar. 31, 1927).</subfield></datafield><datafield ind1=" " ind2=" " tag="500"><subfield code="a">"Special farm bureau edition" published as v. 61, no. 44 (Mar. 3, 1924).</subfield></datafield><datafield ind1=" " ind2=" " tag="500"><subfield code="a">"Weekly" appears above title ornament, &lt;Apr. 13, 1878&gt;.</subfield></datafield><datafield ind1=" " ind2=" " tag="500"><subfield code="a">Publisher varies.</subfield></datafield><datafield ind1=" " ind2=" " tag="500"><subfield code="a">"Republican," &lt;1876&gt;.</subfield></datafield><datafield ind1=" " ind2=" " tag="500"><subfield code="a">Editor: T.P. Ballard, &lt;Apr. 22-June 3, 1865&gt;.</subfield></datafield><datafield ind1=" " ind2=" " tag="588"><subfield code="a">Description based on: Vol. 2, no. 2 (Apr. 22, 1865).</subfield></datafield><datafield ind1=" " ind2=" " tag="752"><subfield code="a">United States</subfield><subfield code="b">Iowa</subfield><subfield code="c">Mills</subfield><subfield code="d">Glenwood.</subfield></datafield><datafield ind1="0" ind2="0" tag="780"><subfield code="t">Weekly Glenwood opinion</subfield><subfield code="w">(DLC)sn 85049675</subfield></datafield><datafield ind1="0" ind2="7" tag="785"><subfield code="t">Mills County tribune</subfield><subfield code="w">(DLC)sn 87057430</subfield></datafield><datafield ind1="0" ind2="7" tag="785"><subfield code="t">Glenwood opinion-tribune</subfield><subfield code="w">(DLC)sn 87057451</subfield></datafield></record>